@book{brasseurjacob,
	title={Modeling of atmospheric chemistry}, 
	author={Brasseur, Guy P.. and Jacob, Daniel J.}
} 
@article{cooper, 
	title={A case study of transpacific warm conveyor belt transport: Influence of merging airstreams on trace gas import to North America},
	volume={109}, 
	DOI={10.1029/2003jd003624}, 
	number={D23}, 
	journal={Journal of Geophysical Research: Atmospheres}, 
	author={Cooper, O. R. and Forster, C. and Parrish, D. and Trainer, M. and Dunlea, E. and Ryerson, T. and H?bler, G. and Fehsenfeld, F. and Nicks, D. and Holloway, J. and et al.},
	year={2004},
	month={Jan}
} 
@article{eastham, 
	title={Limits on the ability of global Eulerian models to resolve intercontinental transport of chemical plumes}, 
    DOI={10.5194/acp-2016-943}, journal={Atmospheric Chemistry and Physics Discussions}, 
    author={Eastham, Sebastian D. and Jacob, Daniel J.}, 
    year={2016}, 
    pages={1?21}} 
@article{heald, 
	title={Asian outflow and trans-Pacific transport of carbon monoxide and ozone pollution: An integrated satellite, aircraft, and model perspective}, volume={108}, 
    DOI={10.1029/2003jd003507},
    number={D24}, 
    journal={Journal of Geophysical Research: Atmospheres},
    author={Heald, Colette L. and Jacob, Daniel J. and Fiore, Arlene M. and Emmons, Louisa K. and Gille, John C. and Deeter, Merritt N. and Warner, Juying and Edwards, David P. and Crawford, James H. and Hamlin, Amy J. and et al.}, 
    year={2003}
    } 
@article{hudman, 
	title={Ozone production in transpacific Asian pollution plumes and implications for ozone air quality in California}, 
    volume={109}, DOI={10.1029/2004jd004974}, 
    number={D23}, 
    journal={Journal of Geophysical Research: Atmospheres}, 
    author={Hudman, R. C. and Jacob, D. J. and Cooper, O. R. and Evans, M. J. and Heald, C. L. and Park, R. J. and Fehsenfeld, F. and Flocke, F. and Holloway, J. and H?bler, G. and et al.}, 
    year={2004}, 
    month={Aug}
} 
@book{jacob1999, 
	title={Introduction to Atmospheric Chemistry}, 
    publisher={Princeton University Press}, 
    author={Jacob, Daniel J.}, 
    year={2011}
} 
@article{odman, 
	title={Atmospheric Plume Modeling with a Three-Dimensional Refinement Adaptive Grid Method}, 
	DOI={10.1007/978-3-319-24478-5_67}, 
	journal={Springer Proceedings in Complexity Air Pollution Modeling and its Application XXIV}, 
	author={Odman, M. Talat and Hu, Yongtao and Garcia-Menendez, Fernando}, 
	year={2016}, 
	pages={409?413}
} 
@article{rastig, 
	title={Resolving intercontinental pollution plumes in global models of atmospheric transport},
	volume={115},
	DOI={10.1029/2009jd012568}, 
	number={D2}, 
	journal={Journal of Geophysical Research}, 
	author={Rastigejev, Yevgenii and Park, Rokjin and Brenner, Michael P. and Jacob, Daniel J.},
	year={2010}
} 
@article{yu, title={Errors and improvements in the use of archived meteorological data for chemical transport modeling}, DOI={10.5194/gmd-2017-125}, journal={Geoscientific Model Development Discussions}, author={Yu, Karen and Keller, Christoph A. and Jacob, Daniel J. and Molod, Andrea M. and Eastham, Sebastian D. and Long, Michael S.}, year={2017}, month={Jun}, pages={1?22}}
@article{thouret, 
	title={General characteristics of tropospheric trace constituent layers observed in the MOZAIC program}, 
	volume={105}, 
	DOI={10.1029/2000jd900238}, 
	number={D13}, 
	journal={Journal of Geophysical Research: Atmospheres}, 
	author={Thouret, Val?rie and Cho, John Y. N. and Newell, Reginald E. and Marenco, Alain and Smit, Herman G. J.}, 
	year={2000}, 
	month={Jan}, 
	pages={17379?17392}
}
@article{gratz, title={Causes of increasing ozone and decreasing carbon monoxide in springtime at the Mt. Bachelor Observatory from 2004 to 2013}, volume={109}, DOI={10.1016/j.atmosenv.2014.05.076}, journal={Atmospheric Environment}, author={Gratz, L.e. and Jaffe, D.a. and Hee, J.r.}, year={2015}, pages={323?330}}
@article{lin, title={Transport of Asian ozone pollution into surface air over the western United States in spring}, volume={117}, DOI={10.1029/2011jd016961}, number={D21}, journal={Journal of Geophysical Research: Atmospheres}, author={Lin, Meiyun and Fiore, Arlene M. and Horowitz, Larry W. and Cooper, Owen R. and Naik, Vaishali and Holloway, John and Johnson, Bryan J. and Middlebrook, Ann M. and Oltmans, Samuel J. and Pollack, Ilana B. and et al.}, year={2012}}
@article{WOUDC,
  title={World Ozone and Ultraviolet Radiation Data Centre},
  author={McElroy, CT and Hare, EW},
  year={1999},
  journal={WOUDC}
}
@article{goldstein,
  title={Increasing background ozone during spring on the west coast of North America},
  author={Jaffe, Daniel and Price, Heather and Parrish, David and Goldstein, Allen and Harris, Joyce},
  journal={Geophysical Research Letters},
  volume={30},
  number={12},
  year={2003},
  publisher={Wiley Online Library}
}
@article{newell,
  title={Ubiquity of quasi-horizontal layers in the troposphere},
  author={Newell, Reginald E and Thouret, Valerie and Cho, John YN and Stoller, Patrick and Marenco, Alain and Smit, Herman G},
  journal={Nature},
  volume={398},
  number={6725},
  pages={316--319},
  year={1999},
  publisher={Nature Publishing Group}
}
@article{long,
  title={Development of a grid-independent GEOS-Chem chemical transport model (v9-02) as an atmospheric chemistry module for Earth system models},
  author={Long, MS and Yantosca, R and Nielsen, JE and Keller, CA and Da Silva, A and Sulprizio, MP and Pawson, S and Jacob, DJ},
  journal={Geoscientific Model Development},
  volume={8},
  number={3},
  pages={595--602},
  year={2015},
  publisher={Copernicus GmbH}
}
@article{delane,
  title={Sensitivity of cloud and radiation parameterizations to changes in vertical resolution},
  author={Lane, Dana E and Somerville, Richard CJ and Iacobellis, Sam F},
  journal={Journal of Climate},
  volume={13},
  number={5},
  pages={915--922},
  year={2000}
}
@article{zhang,
  title={Transpacific transport of ozone pollution and the effect of recent Asian emission increases on air quality in North America: an integrated analysis using satellite, aircraft, ozonesonde, and surface observations},
  author={Zhang, Lin and Jacob, Daniel J and Boersma, KF and Jaffe, DA and Olson, JR and Bowman, KW and Worden, JR and Thompson, AM and Avery, MA and Cohen, Ronald C and others},
  journal={Atmospheric Chemistry and Physics Discussions},
  volume={8},
  number={2},
  pages={8143--8191},
  year={2008}
}
@article{zhuang,
  title={The importance of vertical resolution in the free troposphere for modeling intercontinental plumes},
  author={Zhuang, Jiawei and Jacob, Daniel J and Eastham, Sebastian D},
  journal={Atmos. Chem. Phys.},
  year={2017}
}
@article{yates,
  title={An Assessment of Ground Level and Free Tropospheric Ozone Over California and Nevada},
  author={Yates, EL and Johnson, MS and Iraci, LT and Ryoo, J-M and Pierce, RB and Cullis, PD and Gore, W and Ives, MA and Johnson, BJ and Leblanc, T and others},
  journal={Journal of Geophysical Research: Atmospheres},
  volume={122},
  number={18},
  year={2017},
  publisher={Wiley Online Library}
}
@article{wild,
  title={Global tropospheric ozone modeling: Quantifying errors due to grid resolution},
  author={Wild, Oliver and Prather, Michael J},
  journal={Journal of Geophysical Research: Atmospheres},
  volume={111},
  number={D11},
  year={2006},
  publisher={Wiley Online Library}
}

